@article{van2006estimating,
  title={Estimating ground-level PM2. 5 using aerosol optical depth determined from satellite remote sensing},
  author={Van Donkelaar, Aaron and Martin, Randall V and Park, Rokjin J},
  journal={Journal of Geophysical Research: Atmospheres},
  volume={111},
  number={D21},
  year={2006},
  publisher={Wiley Online Library}
}

@article{malm2004spatial,
  title={Spatial and monthly trends in speciated fine particle concentration in the United States},
  author={Malm, William C and Schichtel, Bret A and Pitchford, Marc L and Ashbaugh, Lowell L and Eldred, Robert A},
  journal={Journal of Geophysical Research: Atmospheres},
  volume={109},
  number={D3},
  year={2004},
  publisher={Wiley Online Library}
}

@article{holben2001emerging,
  title={An emerging ground-based aerosol climatology: Aerosol optical depth from AERONET},
  author={Holben, BN and Tanre, D and Smirnov, A and Eck, TF and Slutsker, I and Abuhassan, N and Newcomb, WW and Schafer, JS and Chatenet, B and Lavenu, F and others},
  journal={Journal of Geophysical Research: Atmospheres},
  volume={106},
  number={D11},
  pages={12067--12097},
  year={2001},
  publisher={Wiley Online Library}
}

@article{van2010global,
  title={Global estimates of ambient fine particulate matter concentrations from satellite-based aerosol optical depth: development and application},
  author={Van Donkelaar, Aaron and Martin, Randall V and Brauer, Michael and Kahn, Ralph and Levy, Robert and Verduzco, Carolyn and Villeneuve, Paul J},
  journal={Environmental health perspectives},
  volume={118},
  number={6},
  pages={847},
  year={2010},
  publisher={National Institute of Environmental Health Science}
}

@article{prospero2002environmental,
  title={Environmental characterization of global sources of atmospheric soil dust identified with the Nimbus 7 Total Ozone Mapping Spectrometer (TOMS) absorbing aerosol product},
  author={Prospero, Joseph M and Ginoux, Paul and Torres, Omar and Nicholson, Sharon E and Gill, Thomas E},
  journal={Reviews of geophysics},
  volume={40},
  number={1},
  pages={2--1},
  year={2002},
  publisher={Wiley Online Library}
}

@article{liu2007estimating,
  title={Estimating fine particulate matter component concentrations and size distributions using satellite-retrieved fractional aerosol optical depth: Part 1â€”Method development},
  author={Liu, Yang and Koutrakis, Petros and Kahn, Ralph},
  journal={Journal of the Air \& Waste Management Association},
  volume={57},
  number={11},
  pages={1351--1359},
  year={2007},
  publisher={Taylor \& Francis}
}

@article{jones2007modis,
  title={MODIS derived fine mode fraction characteristics of marine, dust, and anthropogenic aerosols over the ocean, constrained by GOCART, MOPITT, and TOMS},
  author={Jones, Thomas A and Christopher, Sundar A},
  journal={Journal of Geophysical Research: Atmospheres},
  volume={112},
  number={D22},
  year={2007},
  publisher={Wiley Online Library}
}

@article{zimmerman2018machine,
  title={A machine learning calibration model using random forests to improve sensor performance for lower-cost air quality monitoring.},
  author={Zimmerman, Naomi and Presto, Albert A and Kumar, Sriniwasa PN and Gu, Jason and Hauryliuk, Aliaksei and Robinson, Ellis S and Robinson, Allen L and Subramanian, R},
  journal={Atmospheric Measurement Techniques},
  volume={11},
  number={1},
  year={2018}
}